@Manual{R,
  title = {R: A Language and Environment for Statistical Computing},
  author = {{R Core Team}},
  organization = {R Foundation for Statistical Computing},
  address = {Vienna, Austria},
  year = {2012},
  note = {{ISBN} 3-900051-07-0},
  url = {http://www.R-project.org/},
}

@article{ihaka:1996,
	Author = {Ihaka, Ross and Gentleman, Robert},
	Journal = {Journal of Computational and Graphical Statistics},
	Number = 3,
	Pages = {299-314},
	Title = {R: A Language for Data Analysis and Graphics},
	Volume = 5,
	Year = 1996
}

@article{ivanov2015,
	author = {Hristo Y. Ivanov and Vili K. Stoyanova and Nikolay T. Popov and Tihomir I. Vachev},
	title = {Autism Spectrum Disorder - A Complex Genetic Disorder},
	year = {2015},
	journal = {Folia Medica},
	volume = {57},
	number = {1},
	pages = {19-28}
}

@article{ellerbeck2015,
	author = {K. Ellerbeck and C. Smith and A. Courtemanche},
	title = {Care of children with autism spectrum disorder},
	year = {2015},
	journal = {Primary Care},
	volume = {42},
	number = {1},
	pages = {85-98}
}

@article{clarke2012,
	author = {R. A. Clarke and S. Lee and V. Eapen},
	title = {Pathogenetic model for Tourette syndrome delineates overlap with related neurodevelopmental disorders including Autism},
	year = {2012},
	journal = {Translational Psychiatry},
	volume = {2},
	pages = {e158}
}

@article{rossi1999,
	author = {P. G. Rossi and A. Posar and A. Parmeggiani and E. Pipitone and M. D'Agata},
	title = {Niaprazine in the treatment of autistic disorder},
	year = {1999},
	journal = {Journal of Child Neurology},
	volume = {14},
	number = {8},
	pages = {547-550}
}

@article{jutel2005,
	author = {M. Jutel and K. Blaser and C. A. Akdis},
	title = {Histamine in allergic inflammation and immune modulation},
	year = {2005},
	journal = {International Archives of Allergy and Immunology},
	volume = {137},
	number = {1},
	pages = {82-92}
}

@article{brentani2013,
	author = {H. Brentani and C. S. Paula and D. Bordini and D. Rolim and F. Sato and J. Portolese and M. C. Pacifico and J. T. McCracken},
	title = {Autism spectrum disorders: an overview of diagnosis and treatment},
	year = {2013},
	journal = {Revista Brasileira de Psiquiatria},
	volume = {35},
	number = {Suppl 1},
	pages = {S62-S72}
}

@article{fernandez2012,
	author = {T. V. Fernandez and S. J. Sanders and I. R. Yurkiewicz and A. G. Ercan-Sencicek and Y. S. Kim and D. O. Fishman and M. J. Raubeson and Y. Song and K. Yasuno and W. S. Ho and K. Bilguvar and J. Glessner and S. H. Chu and J. F. Leckman and R. A. King and D. L. Gilbert and G. A. Heiman and J. A. Tischfield and P. J. Hoekstra and B. Devlin and H. Hakonarson and S. M. Mane and M. Gunel and M. W. State},
	title = {Rare copy number variants in tourette syndrome disrupt genes in histaminergic pathways and overlap with autism},
	year = {2012},
	journal = {Biological Psychiatry},
	volume = {71},
	number = {5},
	pages = {392-402}
}

@article{cajal,
	author = {J. G. Gall and M. Bellini and Z. Wu and C. Murphy},
	title = {Assembly of the nuclear transcription and processing machinery: Cajal bodies and transcriptosomes},
	year = {1999},
	journal = {Mol Biol Cell},
	volume = {10},
	number = {12},
	pages = {4385-4402}
}

@article{orig-paper,
	author = {C Wright and J H Shin and A Rajpurohit and A Deep-Soboslay and L Collado-Torres and N J Brandon and T M Hyde and J E Kleinman and A E Jaffe and A J Cross and D R Weinberger},
	title = {Altered expression of histamine signaling genes in autism spectrum disorder},
	year = {2017},
	journal = {Translational Psychiatry},
	volume = {7},
	pages = {e1126}
}

@article{vsn,
	author = {W. Huber and A. von Heydebrek and H. Sueltmann and A. Poustka and M. Vingron},
	title = {Variance stabilization applied to microarray data calibration and to the quantification of differential expression},
	year = {2002},
	journal = {Bioinformatics},
	volume = {18},
	pages = {S96-S104}
}

@article{skewer,
	author = {Hongshan Jiang and Rong Lei and Shou-Wei Ding and Shuifang Zhu},
	title = {Skewer: a fast and accurate adapter trimmer for next-generation sequencing paired-end reads},
	year = {2014},
	journal = {BMC Bioinformatics},
	volume = {15},
	pages = {182}
}

@article{hisat,
	author = {Daehwan Kim and Ben Langmead and Steven L Salzberg},
	title = {HISAT: a fast spliced aligner with low memory requirements},
	year = {2015},
	journal = {Nature Methods},
	volume = {12},
	pages = {357-360}
}

@article{samtools,
	author = {Heng Li and Bob Handsaker and Alec Wysoker and Tim Fennell and Jue Ruan and Nils Homer and Gabor Marth and Goncalo Abecasis and Richard Durbin and {1000 Genome Project Data Processing Subgroup}},
	title = {The Sequence Alignment/Map format and SAMtools},
	year = {2009},
	journal = {Bioinformatics},
	volume = {25},
	number = {16},
	pages = {2078-2079}
}

@article{featurecounts,
	author = {Yang Liao and Gordon K Smyth and Wei Shi},
	title = {featureCounts: an efficient general purpose program for assigning sequence reads to genomic features},
	year = {2014},
	journal = {Bioinformatics},
	volume = {30},
	number = {7},
	pages = {923-930}
}

@article{deseq,
	author = {Michael I. Love and Wolfgang Huber and Simon Anders},
	title = {Moderated estimation of fold change and dispersion for RNA-Seq data with DESeq2},
	year = {2014},
	journal = {Genome Biology},
	volume = {15},
	number = {12},
	pages = {550}
}

@article{replicate-paper,
	author = {Neelroop N. Parikshak and Vivek Swarup and T. Grant Belgard and Manuel Irimia and Gokul Ramaswami and Michael J. Gandal and Christopher Hartl and Virpi Leppa and Luis de la Torre Ubieta and Jerry Huang and Jennifer K. Lowe and Benjamin J. Blencowe and Steve Horvath and Daniel H. Geschwind},
	title = {Genome-wide changes in lncRNA, splicing, and regional gene expression patterns in autism},
	year = {2016},
	journal = {Nature},
	volume = {540},
	pages = {423-427}
}

@Manual{tidyverse,
    title = {tidyverse: Easily Install and Load the 'Tidyverse'},
    author = {Hadley Wickham},
    year = {2017},
    note = {R package version 1.2.1},
    url = {https://CRAN.R-project.org/package=tidyverse}
}

@Manual{knitr1,
    title = {knitr: A General-Purpose Package for Dynamic Report Generation in R},
    author = {Yihui Xie},
    year = {2018},
    note = {R package version 1.20},
    url = {https://yihui.name/knitr}
}

@Book{knitr2,
    title = {Dynamic Documents with {R} and knitr},
    author = {Yihui Xie},
    publisher = {Chapman and Hall/CRC},
    address = {Boca Raton, Florida},
    year = {2015},
    edition = {2nd}
}

@InCollection{knitr3,
    booktitle = {Implementing Reproducible Computational Research},
    editor = {Victoria Stodden and Friedrich Leisch and Roger D. Peng},
    title = {knitr: A Comprehensive Tool for Reproducible Research in {R}},
    author = {Yihui Xie},
    publisher = {Chapman and Hall/CRC},
    year = {2014}
}

@Manual{xtable,
    title = {xtable: Export Tables to LaTeX or HTML},
    author = {David B. Dahl},
    year = {2016},
    note = {R package version 1.8-2},
    url = {https://CRAN.R-project.org/package=xtable},
}

@Manual{rcolorbrewer,
    title = {RColorBrewer: ColorBrewer Palettes},
    author = {Erich Neuwirth},
    year = {2014},
    note = {R package version 1.1-2},
    url = {https://CRAN.R-project.org/package=RColorBrewer},
}

@Manual{gplots,
    title = {gplots: Various R Programming Tools for Plotting Data},
    author = {Gregory R. Warnes and Ben Bolker and Lodewijk Bonebakker and Robert Gentleman and Wolfgang Huber Andy Liaw and Thomas Lumley and Martin Maechler and Arni Magnusson and Steffen Moeller and Marc Schwartz and Bill Venables},
    year = {2016},
    note = {R package version 3.0.1},
    url = {https://CRAN.R-project.org/package=gplots},
}

@Manual{pheatmap,
    title = {pheatmap: Pretty Heatmaps},
    author = {Raivo Kolde},
    year = {2015},
    note = {R package version 1.0.8},
    url = {https://CRAN.R-project.org/package=pheatmap},
}

@Manual{formatr,
    title = {formatR: Format R Code Automatically},
    author = {Yihui Xie},
    year = {2017},
    note = {R package version 1.5},
    url = {https://CRAN.R-project.org/package=formatR},
}